
@article{comparing,
    author = {L{\'{o}}pez-Pernas, S and Gordillo, A and Barra, E and Quemada, J},
    journal = {IEEE Access},
    title = {{Comparing Face-to-Face and Remote Educational Escape Rooms for Learning Programming}},
    pages = {59270--59285},
    volume = {9},
    year = {2021}
}